@inproceedings{Adachi-2015jan,
  title = {Estimation of Bus Traveling Section Using Wireless Sensor Network},
  booktitle = {2015 {{Eighth International Conference}} on {{Mobile Computing}} and {{Ubiquitous Networking}} ({{ICMU}})},
  author = {Adachi, Hajime and Suzuki, Hidekazu and Asahi, Kensaku and Matsumoto, Yukimasa and Watanabe, Akira},
  year = {2015},
  month = jan,
  pages = {120--125},
  doi = {10.1109/ICMU.2015.7061053}
}

@article{akirahira-2014jan,
  title = {{モバイルインターネット環境に適した遠隔DLNA通信システムの提案}},
  author = {皓平, 清水 and 秀和, 鈴木 and 克浩, 内藤 and 晃, 渡邊},
  year = {2014},
  month = jan,
  journal = {情報処理学会論文誌},
  volume = {55},
  number = {1},
  pages = {494--504},
  urldate = {2023-04-10},
  langid = {japanese}
}

@article{ayako-2009jan,
  title = {{IPv4移動体通信システムにおけるパケットロスレスハンドオーバの提案}},
  author = {綾子, 金本 and 秀和, 鈴木 and 伊藤将志 and 晃, 渡邊},
  year = {2009},
  month = jan,
  journal = {情報処理学会論文誌},
  volume = {50},
  number = {1},
  pages = {133--143},
  urldate = {2023-04-14},
  langid = {japanese}
}

@inproceedings{Boshita-2018jan,
  title = {{{IoT-based Bus Location System Using LoRaWAN}}},
  booktitle = {2018 21st {{International Conference}} on {{Intelligent Transportation Systems}} ({{ITSC}})},
  author = {Boshita, Takuya and Suzuki, Hidekazu and Matsumoto, Yukimasa},
  year = {2018},
  month = jan,
  pages = {933--938},
  doi = {10.1109/ITSC.2018.8569920}
}

@inproceedings{Boshita-2018oct,
  title = {Compression {{Method}} of {{Position Information}} for {{IoT-based Bus Location System Using LoRaWAN}}},
  booktitle = {2018 {{Eleventh International Conference}} on {{Mobile Computing}} and {{Ubiquitous Network}} ({{ICMU}})},
  author = {Boshita, Takuya and Suzuki, Hidekazu and Matsumoto, Yukimasa},
  year = {2018},
  month = oct,
  pages = {1--2},
  doi = {10.23919/ICMU.2018.8653620}
}

@inproceedings{Boshita-2019oct,
  title = {Smart {{Bus Stop}} Using {{LoRaWAN}} and E-{{Paper}}},
  booktitle = {2019 {{IEEE}} 8th {{Global Conference}} on {{Consumer Electronics}} ({{GCCE}})},
  author = {Boshita, Takuya and Suzuki, Hidekazu and Matsumoto, Yukimasa},
  year = {2019},
  month = oct,
  pages = {278--282},
  doi = {10.1109/GCCE46687.2019.9015448}
}

@article{daisuke-2007feb,
  title = {{コネクションベース方式による踏み台攻撃検出手法の提案}},
  author = {大輔, 竹尾 and 伊藤将志 and 秀和, 鈴木 and 直宣, 岡崎 and 晃, 渡邊},
  year = {2007},
  month = feb,
  journal = {情報処理学会論文誌},
  volume = {48},
  number = {2},
  pages = {644--655},
  urldate = {2023-04-10},
  langid = {japanese}
}

@article{gentadashi-2006dec,
  title = {{エンドエンドで移動透過性を実現するMobile PPCの提案と実装}},
  author = {元規, 竹内 and 秀和, 鈴木 and 晃, 渡邊},
  year = {2006},
  month = dec,
  journal = {情報処理学会論文誌},
  volume = {47},
  number = {12},
  pages = {3244--3257},
  urldate = {2023-04-10},
  langid = {japanese}
}

@inproceedings{Goto-2007oct,
  title = {Researches on Extended Dynamic Process Resolution Protocol That Can Traverse {{NAT}}},
  booktitle = {{{TENCON}} 2007 - 2007 {{IEEE Region}} 10 {{Conference}}},
  author = {Goto, Yuji and Suzuki, Hidekazu and Watanabe, Akira},
  year = {2007},
  month = oct,
  pages = {1--4},
  doi = {10.1109/TENCON.2007.4428844}
}

@article{gotoyuji-2011sep,
  title = {{NATをまたがる閉域通信グループの提案と評価}},
  author = {後藤裕司 and 秀和, 鈴木 and 晃, 渡邊},
  year = {2011},
  month = sep,
  journal = {情報処理学会論文誌},
  volume = {52},
  number = {9},
  pages = {2866--2875},
  urldate = {2023-04-10},
  langid = {japanese}
}

@article{hatatadashi-2017mar,
  title = {{NTMobileを無限の規模に拡大できる仮想IPv4アドレス管理方式の提案}},
  author = {将規, 加古 and 秀和, 鈴木 and 克浩, 内藤 and 晃, 渡邊},
  year = {2017},
  month = mar,
  journal = {情報処理学会論文誌},
  volume = {58},
  number = {3},
  pages = {726--735},
  urldate = {2023-04-10},
  langid = {japanese}
}

@inproceedings{Hayashi-2019jan,
  title = {Cooperation {{Between Heterogeneous IoT Devices Using iHAC Hub}}},
  booktitle = {2019 {{IEEE International Conference}} on {{Consumer Electronics}} ({{ICCE}})},
  author = {Hayashi, Kosuke and Suzuki, Hidekazu},
  year = {2019},
  month = jan,
  pages = {1--2},
  doi = {10.1109/ICCE.2019.8661991}
}

@inproceedings{Hayashi-2019oct,
  title = {Implementation of {{Cooperation Between Heterogeneous IoT Devices Using iHAC Hub}}},
  booktitle = {2019 {{IEEE}} 8th {{Global Conference}} on {{Consumer Electronics}} ({{GCCE}})},
  author = {Hayashi, Kosuke and Suzuki, Hidekazu},
  year = {2019},
  month = oct,
  pages = {782--783},
  doi = {10.1109/GCCE46687.2019.9015361}
}

@inproceedings{Hayashi-2020jan,
  title = {{{M2M Device Cooperation Method Using iHAC Hub}} and {{Smart Speaker}}},
  booktitle = {2020 {{IEEE International Conference}} on {{Consumer Electronics}} ({{ICCE}})},
  author = {Hayashi, Kosuke and Suzuki, Hidekazu},
  year = {2020},
  month = jan,
  pages = {1--3},
  doi = {10.1109/ICCE46568.2020.9043157}
}

@article{hirofumi-2019jan,
  title = {{エンドツーエンド通信をアプリケーションレベルで可能にする通信ライブラリの実現と評価}},
  author = {博史, 納堂 and 秀和, 鈴木 and 克浩, 内藤 and 晃, 渡邊},
  year = {2019},
  month = jan,
  journal = {情報処理学会論文誌},
  volume = {60},
  number = {1},
  pages = {16--26},
  urldate = {2023-04-10},
  langid = {japanese}
}

@article{hiroshiFu-2020feb,
  title = {{環境情報に基づいて異種規格のIoTデバイス連携をサポートするiHAC Hub}},
  author = {宏輔, 林 and 秀和, 鈴木},
  year = {2020},
  month = feb,
  journal = {情報処理学会論文誌コンシューマ・デバイス＆システム（CDS）},
  volume = {10},
  number = {1},
  pages = {40--49},
  urldate = {2023-04-14},
  langid = {japanese}
}

@article{hisajun-2019jan,
  title = {{NTMobileを利用したECHONET Lite機器のセキュア遠隔制御システム}},
  author = {久順, 田中 and 秀和, 鈴木 and 克浩, 内藤 and 晃, 渡邊},
  year = {2019},
  month = jan,
  journal = {情報処理学会論文誌コンシューマ・デバイス＆システム（CDS）},
  volume = {9},
  number = {1},
  pages = {32--41},
  urldate = {2023-04-14},
  langid = {japanese}
}

@article{ho-2022jan,
  title = {{拡張NTMobileを用いたアプリケーションレベルで実現するシームレスIP Flow Mobility}},
  author = {穂, 松岡 and 秀和, 鈴木 and 克浩, 内藤},
  year = {2022},
  month = jan,
  journal = {情報処理学会論文誌},
  volume = {63},
  number = {1},
  pages = {130--142},
  urldate = {2023-04-10},
  langid = {japanese}
}

@inproceedings{Horisaki-2022jan,
  title = {A {{Proposal}} of {{QUIC-based CYPHONIC}} for {{Encrypted End-to-End Communications}}},
  booktitle = {2022 {{Tenth International Symposium}} on {{Computing}} and {{Networking}} ({{CANDAR}})},
  author = {Horisaki, Shota and Matama, Kazushige and Naito, Katsuhiro and Suzuki, Hidekazu},
  year = {2022},
  month = jan,
  pages = {27--35},
  doi = {10.1109/CANDAR57322.2022.00012}
}

@inproceedings{Ikeuchi-2021oct,
  title = {A {{Proposal}} on {{Improvement Method}} of {{Mental Stress}} by {{IoT Device Cooperation Using iHAC Hub}}},
  booktitle = {2021 {{IEEE}} 10th {{Global Conference}} on {{Consumer Electronics}} ({{GCCE}})},
  author = {Ikeuchi, Noriki and Sakai, Erika and Suzuki, Hidekazu},
  year = {2021},
  month = oct,
  pages = {587--588},
  doi = {10.1109/GCCE53005.2021.9621835}
}

@inproceedings{Imamura-2007oct,
  title = {A Proposal for a Remote Access Method Using {{GSCIP}} and {{IPsec}}},
  booktitle = {{{TENCON}} 2007 - 2007 {{IEEE Region}} 10 {{Conference}}},
  author = {Imamura, Keisuke and Suzuki, Hidekazu and Watanabe, Akira},
  year = {2007},
  month = oct,
  pages = {1--4},
  doi = {10.1109/TENCON.2007.4428854}
}

@article{isshin-2013oct,
  title = {{IPv4/IPv6混在環境で移動透過性を実現するNTMobileの実装と評価}},
  author = {一真, 上醉尾 and 秀和, 鈴木 and 克浩, 内藤 and 晃, 渡邊},
  year = {2013},
  month = oct,
  journal = {情報処理学会論文誌},
  volume = {54},
  number = {10},
  pages = {2288--2299},
  urldate = {2023-04-14},
  langid = {japanese}
}

@inproceedings{Ito-2014jan,
  title = {Researches and Evaluation of {{Strong Busy Tone}} That Improves the Performance of Ad-Hoc Networks},
  booktitle = {2014 {{Seventh International Conference}} on {{Mobile Computing}} and {{Ubiquitous Networking}} ({{ICMU}})},
  author = {Ito, Tomohiro and Asahi, Kensaku and Suzuki, Hidekazu and Watanabe, Akira},
  year = {2014},
  month = jan,
  pages = {182--187},
  doi = {10.1109/ICMU.2014.6799092}
}

@article{junichi-2009oct,
  title = {{プライベートアドレスによるネットワークモビリティを実現するMobile NPCの提案}},
  author = {順一, 坂本 and 秀和, 鈴木 and 伊藤将志 and 庄五, 宇佐見 and 晃, 渡邊},
  year = {2009},
  month = oct,
  journal = {情報処理学会論文誌},
  volume = {50},
  number = {10},
  pages = {2543--2555},
  urldate = {2023-04-10},
  langid = {japanese}
}

@inproceedings{Kamienoo-2012oct,
  title = {Implementation and Evaluation of {{NTMobile}} with {{Android}} Smartphones in {{IPv4}}/{{IPv6}} Networks},
  booktitle = {The 1st {{IEEE Global Conference}} on {{Consumer Electronics}} 2012},
  author = {Kamienoo, Kazuma and Suzuki, Hidekazu and Naito, Katsuhiro and Watanabe, Akira},
  year = {2012},
  month = oct,
  pages = {125--129},
  doi = {10.1109/GCCE.2012.6379555}
}

@inproceedings{Kamienoo-2014jan,
  title = {Development of Mobile Communication Framework Based on {{NTMobile}}},
  booktitle = {2014 {{Seventh International Conference}} on {{Mobile Computing}} and {{Ubiquitous Networking}} ({{ICMU}})},
  author = {Kamienoo, Kazuma and Suzuki, Hidekazu and Naito, Katsuhiro and Watanabe, Akira},
  year = {2014},
  month = jan,
  pages = {27--32},
  doi = {10.1109/ICMU.2014.6799053}
}

@inproceedings{Kanamaru-2014jan,
  title = {Proposal for a Wireless Sensor Network Visualization System Using Location Estimation Technology},
  booktitle = {2014 {{Seventh International Conference}} on {{Mobile Computing}} and {{Ubiquitous Networking}} ({{ICMU}})},
  author = {Kanamaru, Yukihiro and Suzuki, Hidekazu and Asahi, Kensaku and Watanabe, Akira},
  year = {2014},
  month = jan,
  pages = {111--116},
  doi = {10.1109/ICMU.2014.6799080}
}

@inproceedings{Kato-2011oct,
  title = {Proposal of a Remote Watching System Utilizing a Smartphone and Sensors},
  booktitle = {2011 11th {{International Symposium}} on {{Communications}} \& {{Information Technologies}} ({{ISCIT}})},
  author = {Kato, Daichi and Yamagishi, Hiroyuki and Suzuki, Hidekazu and Konaka, Eiji and Watanabe, Akira},
  year = {2011},
  month = oct,
  pages = {36--41},
  doi = {10.1109/ISCIT.2011.6089955}
}

@inproceedings{Kato-2020oct,
  title = {Proposal of {{NTMobile System Model Using vCPE}} for {{Operational Efficiency}}},
  booktitle = {2020 {{IEEE}} 9th {{Global Conference}} on {{Consumer Electronics}} ({{GCCE}})},
  author = {Kato, Hirotoshi and Matsuoka, Minoru and Suzuki, Kota and Suzuki, Hidekazu and Naito, Katsuhiro},
  year = {2020},
  month = oct,
  pages = {775--776},
  doi = {10.1109/GCCE50665.2020.9291806}
}

@article{katsuhiro-2013jan,
  title = {{NTMobileにおける移動透過性の実現と実装}},
  author = {克浩, 内藤 and 上醉尾一真 and 拓也, 西尾 and 智大, 水谷 and 秀和, 鈴木 and 晃, 渡邊 and 香津夫, 森 and 英雄, 小林},
  year = {2013},
  month = jan,
  journal = {情報処理学会論文誌},
  volume = {54},
  number = {1},
  pages = {380--393},
  urldate = {2023-04-10},
  langid = {japanese}
}

@article{kenta-2013jun,
  title = {{自宅からのリモートアクセスを可能にするGSRAv2の提案と評価}},
  author = {健太, 鈴木 and 秀和, 鈴木 and 健作, 旭 and 晃, 渡邊},
  year = {2013},
  month = jun,
  journal = {情報処理学会論文誌},
  volume = {54},
  number = {6},
  pages = {1751--1760},
  urldate = {2023-04-10},
  langid = {japanese}
}

@article{kofutoshi-2022oct,
  title = {{Zabbixを利用したNTMobileサーバ統合管理システム}},
  author = {洸太, 鈴木 and 宏理, 加藤 and 秀和, 鈴木 and 克浩, 内藤},
  year = {2022},
  month = oct,
  journal = {情報処理学会論文誌デジタルプラクティス（TDP）},
  volume = {3},
  number = {4},
  pages = {51--59},
  urldate = {2023-04-10},
  langid = {japanese}
}

@article{kowa-2008jun,
  title = {{L2-based IP トレースバック方式の提案と実装}},
  author = {宏和, 播磨 and 伊藤将志 and 秀和, 鈴木 and 直宣, 岡崎 and 晃, 渡邊},
  year = {2008},
  month = jun,
  journal = {情報処理学会論文誌},
  volume = {49},
  number = {6},
  pages = {2200--2211},
  urldate = {2023-04-14},
  langid = {japanese}
}

@inproceedings{Kuboshiki-2011oct,
  title = {Proposal on the Concealment of the Network Topology in {{IPv6}}},
  booktitle = {2011 11th {{International Symposium}} on {{Communications}} \& {{Information Technologies}} ({{ISCIT}})},
  author = {Kuboshiki, Toru and Suzuki, Hidekazu and Watanabe, Akira},
  year = {2011},
  month = oct,
  pages = {53--57},
  doi = {10.1109/ISCIT.2011.6092167}
}

@inproceedings{Kuromiya-2018oct,
  title = {Implementation and {{Evaluation}} of {{IP Mobility Functions}} in {{NTMobile}} for {{Android}}},
  booktitle = {2018 {{Eleventh International Conference}} on {{Mobile Computing}} and {{Ubiquitous Network}} ({{ICMU}})},
  author = {Kuromiya, Kaito and Tanaka, Hisayoshi and Suzuki, Hidekazu and Naito, Katsuhiro and Watanabe, Akira},
  year = {2018},
  month = oct,
  pages = {1--4},
  doi = {10.23919/ICMU.2018.8653264}
}

@article{masaki-2009jul,
  title = {{分割Diffie-Hellman鍵交換による移動ノードの鍵共有方式の提案}},
  author = {正樹, 瀬下 and 秀和, 鈴木 and 伊藤将志 and 晃, 渡邊},
  year = {2009},
  month = jul,
  journal = {情報処理学会論文誌},
  volume = {50},
  number = {7},
  pages = {1725--1734},
  urldate = {2023-04-10},
  langid = {japanese}
}

@inproceedings{Matsuoka-2019oct,
  title = {An {{Examination}} of {{IP Flow Mobility}} for {{Android Smartphone}} by {{Extended NTMobile}}},
  booktitle = {2019 {{IEEE}} 8th {{Global Conference}} on {{Consumer Electronics}} ({{GCCE}})},
  author = {Matsuoka, Minoru and Yanase, Tomohiro and Suzuki, Hidekazu and Watanabe, Akira and Naito, Katsuhiro},
  year = {2019},
  month = oct,
  pages = {283--284},
  doi = {10.1109/GCCE46687.2019.9015460}
}

@article{maYe-2006jul,
  title = {{NATやファイアウォールと共存できる暗号通信方式PCCOMの提案と実装}},
  author = {真也, 増田 and 秀和, 鈴木 and 直宣, 岡崎 and 晃, 渡邊},
  year = {2006},
  month = jul,
  journal = {情報処理学会論文誌},
  volume = {47},
  number = {7},
  pages = {2258--2266},
  urldate = {2023-04-10},
  langid = {japanese}
}

@article{megumirika-2021sep,
  title = {{遠隔地にあるPANデバイスとの直接通信を可能とするVPANシステム}},
  author = {恵梨香, 酒井 and 紀貴, 池内 and 秀和, 鈴木},
  year = {2021},
  month = sep,
  journal = {情報処理学会論文誌コンシューマ・デバイス＆システム（CDS）},
  volume = {11},
  number = {3},
  pages = {12--21},
  urldate = {2023-04-10},
  langid = {japanese}
}

@inproceedings{Mikamo-2014jan,
  title = {Proposal for an Ad-Hoc Routing Protocol Considering Traffic Conditions and Evaluation of {{UDP}} Using a Redundant Route},
  booktitle = {2014 {{Seventh International Conference}} on {{Mobile Computing}} and {{Ubiquitous Networking}} ({{ICMU}})},
  author = {Mikamo, Yuta and Asahi, Kensaku and Suzuki, Hidekazu and Watanabe, Akira},
  year = {2014},
  month = jan,
  pages = {72--73},
  doi = {10.1109/ICMU.2014.6799062}
}

@article{miyayu-2010sep,
  title = {{端末の改造が不要なNAT越え通信システムNTSSの提案と評価}},
  author = {宮﨑悠 and 秀和, 鈴木 and 晃, 渡邊},
  year = {2010},
  month = sep,
  journal = {情報処理学会論文誌},
  volume = {51},
  number = {9},
  pages = {1873--1880},
  urldate = {2023-04-10},
  langid = {japanese}
}

@inproceedings{Miyazaki-2007oct,
  title = {A Proposal for a {{NAT}} Traversal System That Does Not Require Additional Functions at Terminals},
  booktitle = {{{TENCON}} 2007 - 2007 {{IEEE Region}} 10 {{Conference}}},
  author = {Miyazaki, Yutaka and Suzuki, Hidekazu and Watanabe, Akira},
  year = {2007},
  month = oct,
  pages = {1--4},
  doi = {10.1109/TENCON.2007.4428885}
}

@inproceedings{Miyazaki-2018jan,
  title = {Development of Certificate Based Secure Communication for Mobility and Connectivity Protocol},
  booktitle = {2018 15th {{IEEE Annual Consumer Communications}} \& {{Networking Conference}} ({{CCNC}})},
  author = {Miyazaki, Yuya and Naito, Katsuhiro and Suzuki, Hidekazu and Watanabe, Akira},
  year = {2018},
  month = jan,
  pages = {1--4},
  doi = {10.1109/CCNC.2018.8319258}
}

@inproceedings{Nagashige-2022oct,
  title = {Extension of {{iHAC Hub Specification}} for {{Supporting Interconnectivity Between Matter}} and {{ECHONET Lite}}},
  booktitle = {2022 {{IEEE}} 11th {{Global Conference}} on {{Consumer Electronics}} ({{GCCE}})},
  author = {Nagashige, Shunya and Tanaka, Kentaro and Suzuki, Hidekazu},
  year = {2022},
  month = oct,
  pages = {779--780},
  doi = {10.1109/GCCE56475.2022.10014421}
}

@inproceedings{Naito-2012feb,
  title = {Proposal of Seamless {{IP}} Mobility Schemes: {{Network}} Traversal with Mobility ({{NTMobile}})},
  shorttitle = {Proposal of Seamless {{IP}} Mobility Schemes},
  booktitle = {2012 {{IEEE Global Communications Conference}} ({{GLOBECOM}})},
  author = {Naito, Katsuhiro and Nishio, Takuya and Mori, Kazuo and Kobayashi, Hideo and Kamienoo, Kazuma and Suzuki, Hidekazu and Watanabe, Akira},
  year = {2012},
  month = feb,
  pages = {2572--2577},
  doi = {10.1109/GLOCOM.2012.6503504}
}

@inproceedings{Naito-2014jan,
  title = {End-to-End {{IP}} Mobility Platform in Application Layer for {{iOS}} and {{Android OS}}},
  booktitle = {2014 {{IEEE}} 11th {{Consumer Communications}} and {{Networking Conference}} ({{CCNC}})},
  author = {Naito, Katsuhiro and Mori, Kazuo and Kobayashi, Hideo and Kamienoo, Kazuma and Suzuki, Hidekazu and Watanabe, Akira},
  year = {2014},
  month = jan,
  pages = {92--97},
  doi = {10.1109/CCNC.2014.6866554}
}

@inproceedings{Ogyu-2017oct,
  title = {Development of an End-to-End Communication Adapter and Implementation},
  booktitle = {2017 {{Tenth International Conference}} on {{Mobile Computing}} and {{Ubiquitous Network}} ({{ICMU}})},
  author = {Ogyu, Fumiya and Suzuki, Hidekazu and Naito, Katsuhiro and Watanabe, Akira},
  year = {2017},
  month = oct,
  pages = {1--2},
  doi = {10.23919/ICMU.2017.8330086}
}

@inproceedings{Okada-2017jan,
  title = {Implementation of Seamless Connection System for {{Bluetooth Low Energy}} Devices in Remote Locations},
  booktitle = {2017 {{IEEE International Conference}} on {{Consumer Electronics}} ({{ICCE}})},
  author = {Okada, Mami and Suzuki, Hidekazu},
  year = {2017},
  month = jan,
  pages = {344--345},
  doi = {10.1109/ICCE.2017.7889348}
}

@article{osamedohirofumi-2013jan,
  title = {{NTMobileにおける自律的経路最適化の提案}},
  author = {納堂博史 and 秀和, 鈴木 and 克浩, 内藤 and 晃, 渡邊},
  year = {2013},
  month = jan,
  journal = {情報処理学会論文誌},
  volume = {54},
  number = {1},
  pages = {394--403},
  urldate = {2023-04-10},
  langid = {japanese}
}

@article{rina-2016may,
  title = {{規格の違いを意識しない直感的家電制御システムの提案}},
  author = {莉奈, 梅山 and 剛志, 増田 and 秀和, 鈴木},
  year = {2016},
  month = may,
  journal = {情報処理学会論文誌コンシューマ・デバイス＆システム（CDS）},
  volume = {6},
  number = {1},
  pages = {84--93},
  urldate = {2023-04-10},
  langid = {japanese}
}

@inproceedings{Sakai-2020oct,
  title = {A {{Proposal}} of {{Virtual Personal Area Network System Which Enables Direct Communication}} with {{PAN Devices}} in {{Remote Locations}}},
  booktitle = {2020 {{IEEE}} 9th {{Global Conference}} on {{Consumer Electronics}} ({{GCCE}})},
  author = {Sakai, Erika and Ikeuchi, Noriki and Suzuki, Hidekazu},
  year = {2020},
  month = oct,
  pages = {682--683},
  doi = {10.1109/GCCE50665.2020.9291924}
}

@inproceedings{Sakai-2021jan,
  title = {Demo: {{Integration}} of {{Different Remote Personal Area Networks}} with {{VPAN System}}},
  shorttitle = {Demo},
  booktitle = {2021 {{Thirteenth International Conference}} on {{Mobile Computing}} and {{Ubiquitous Network}} ({{ICMU}})},
  author = {Sakai, Erika and Ikeuchi, Noriki and Suzuki, Hidekazu},
  year = {2021},
  month = jan,
  pages = {1--2},
  doi = {10.23919/ICMU50196.2021.9638857}
}

@inproceedings{Shimizu-2012oct,
  title = {Remote {{DLNA}} Communication System Based on {{NTMobile}}},
  booktitle = {The 1st {{IEEE Global Conference}} on {{Consumer Electronics}} 2012},
  author = {Shimizu, Kohei and Suzuki, Hidekazu and Watanabe, Akira and Naito, Katsuhiro},
  year = {2012},
  month = oct,
  pages = {130--134},
  doi = {10.1109/GCCE.2012.6379556}
}

@inproceedings{Shimizu-2017oct,
  title = {Realization and Evaluation of {{Java}} Wrapper That Calls the End-to-End Communication Library},
  booktitle = {2017 {{Tenth International Conference}} on {{Mobile Computing}} and {{Ubiquitous Network}} ({{ICMU}})},
  author = {Shimizu, Kazuki and Suzuki, Hidekazu and Naito, Katsuhiro and Watanabe, Akira},
  year = {2017},
  month = oct,
  pages = {1--2},
  doi = {10.23919/ICMU.2017.8330087}
}

@inproceedings{Shimizu-2022jan,
  title = {Proposal for {{Optical Fiber Network Monitoring System Using IoT Technology}}},
  booktitle = {2022 {{Tenth International Symposium}} on {{Computing}} and {{Networking Workshops}} ({{CANDARW}})},
  author = {Shimizu, Kengo and Suzuki, Hidekazu},
  year = {2022},
  month = jan,
  pages = {421--425},
  doi = {10.1109/CANDARW57323.2022.00088}
}

@article{shinjitsu-2018may,
  title = {{Bluetooth over DTLSによるIoTデバイスの遠隔制御システム}},
  author = {真実, 岡田 and 秀和, 鈴木},
  year = {2018},
  month = may,
  journal = {情報処理学会論文誌コンシューマ・デバイス＆システム（CDS）},
  volume = {8},
  number = {2},
  pages = {34--42},
  urldate = {2023-04-14},
  langid = {japanese}
}

@article{shuwa-2006nov,
  title = {{フレキシブルプライベートネットワークにおける動的処理解決プロトコルDPRPの実装と評価}},
  author = {秀和, 鈴木 and 晃, 渡邊},
  year = {2006},
  month = nov,
  journal = {情報処理学会論文誌},
  volume = {47},
  number = {11},
  pages = {2976--2991},
  urldate = {2023-04-14},
  langid = {japanese}
}

@article{shuwa-2007dec,
  title = {{外部動的マッピングによりNAT越え通信を実現するNAT-f の提案と実装}},
  author = {秀和, 鈴木 and 庄五, 宇佐見 and 晃, 渡邊},
  year = {2007},
  month = dec,
  journal = {情報処理学会論文誌},
  volume = {48},
  number = {12},
  pages = {3949--3961},
  urldate = {2023-04-10},
  langid = {japanese}
}

@article{shuwa-2010sep,
  title = {{通信グループに基づくサービスの制御が可能なNAT越えシステムの提案}},
  author = {秀和, 鈴木 and 晃, 渡邊},
  year = {2010},
  month = sep,
  journal = {情報処理学会論文誌},
  volume = {51},
  number = {9},
  pages = {1881--1891},
  urldate = {2023-04-10},
  langid = {japanese}
}

@article{shuwa-2013jan,
  title = {{NTMobileにおける通信接続性の確立手法と実装}},
  author = {秀和, 鈴木 and 上醉尾一真 and 智大, 水谷 and 拓也, 西尾 and 克浩, 内藤 and 晃, 渡邊},
  year = {2013},
  month = jan,
  journal = {情報処理学会論文誌},
  volume = {54},
  number = {1},
  pages = {367--379},
  urldate = {2023-04-10},
  langid = {japanese}
}

@inproceedings{Suganuma-2017oct,
  title = {Proposal on Application Layer Multicast, Based on a Ring Shaped Route},
  booktitle = {2017 {{Tenth International Conference}} on {{Mobile Computing}} and {{Ubiquitous Network}} ({{ICMU}})},
  author = {Suganuma, Ryoichi and Suzuki, Hidekazu and Naito, Katsuhiro and Watanabe, Akira},
  year = {2017},
  month = oct,
  pages = {1--2},
  doi = {10.23919/ICMU.2017.8330092}
}

@inproceedings{Suzuki-2007oct,
  title = {External Dynamic Mapping Method for {{NAT}} Traversal},
  booktitle = {2007 {{International Symposium}} on {{Communications}} and {{Information Technologies}}},
  author = {Suzuki, Hidekazu and Goto, Yuji and Watanabe, Akira},
  year = {2007},
  month = oct,
  pages = {723--728},
  doi = {10.1109/ISCIT.2007.4392111}
}

@inproceedings{Suzuki-2008jan,
  title = {Design of {{NAT}} Traversal for Mobile {{PPC}} Applying Hole Punching Technology},
  booktitle = {{{TENCON}} 2008 - 2008 {{IEEE Region}} 10 {{Conference}}},
  author = {Suzuki, Hidekazu and Watanabe, Akira},
  year = {2008},
  month = jan,
  pages = {1--6},
  doi = {10.1109/TENCON.2008.4766820}
}

@inproceedings{Suzuki-2009jan,
  title = {Implementation of {{NAT}} Traversal for Mobile {{PPC}} with the Principle of Hole Punching},
  booktitle = {{{TENCON}} 2009 - 2009 {{IEEE Region}} 10 {{Conference}}},
  author = {Suzuki, Hidekazu and Terazawa, Keiji and Watanabe, Akira},
  year = {2009},
  month = jan,
  pages = {1--6},
  doi = {10.1109/TENCON.2009.5395931}
}

@inproceedings{Suzuki-2013sep,
  title = {{{NTMobile}}: New End-to-End Communication Architecture in {{IPv4}} and {{IPv6}} Networks},
  shorttitle = {{{NTMobile}}},
  booktitle = {Proceedings of the 19th Annual International Conference on {{Mobile}} Computing \& Networking},
  author = {Suzuki, Hidekazu and Naito, Katsuhiro and Kamienoo, Kazuma and Hirose, Tatsuya and Watanabe, Akira},
  year = {2013},
  month = sep,
  series = {{{MobiCom}} '13},
  pages = {171--174},
  publisher = {{Association for Computing Machinery}},
  address = {{New York, NY, USA}},
  doi = {10.1145/2500423.2505304},
  urldate = {2023-04-10},
  isbn = {978-1-4503-1999-7}
}

@inproceedings{Suzuki-2020oct,
  title = {Proposal for {{Server Integrated Management System Using Zabbix}} for {{Blockchain-Based NTMobile}}},
  booktitle = {2020 {{IEEE}} 9th {{Global Conference}} on {{Consumer Electronics}} ({{GCCE}})},
  author = {Suzuki, Kota and Matsuoka, Minoru and Suzuki, Hidekazu and Naito, Katsuhiro},
  year = {2020},
  month = oct,
  pages = {773--774},
  doi = {10.1109/GCCE50665.2020.9291802}
}

@inproceedings{Suzuki-2021jan,
  title = {Extension of {{NTMobile}} for {{Use}} with {{Load Balancers}}},
  booktitle = {2021 {{Thirteenth International Conference}} on {{Mobile Computing}} and {{Ubiquitous Network}} ({{ICMU}})},
  author = {Suzuki, Kota and Kato, Hirotoshi and Suzuki, Hidekazu and Naito, Katsuhiro},
  year = {2021},
  month = jan,
  pages = {1--2},
  doi = {10.23919/ICMU50196.2021.9638881}
}

@inproceedings{Takahashi-2015jul,
  title = {A {{Cloud Education Environment}} to {{Support Self-Learning}} at {{Home}} - {{Analysis}} of {{Self-Learning Styles}} from {{Log Data}}},
  booktitle = {2015 {{IIAI}} 4th {{International Congress}} on {{Advanced Applied Informatics}}},
  author = {Takahashi, Tomoichi and Asahi, Kensaku and Suzuki, Hidekazu and Kawasumi, Mikiko and Kameya, Yoshitaka},
  year = {2015},
  month = jul,
  pages = {437--440},
  doi = {10.1109/IIAI-AAI.2015.213}
}

@inproceedings{Takao-2021jan,
  title = {A {{Proposal}} for {{OD Data Estimation System}} of {{Bus Users}} with {{Intelligent Video Analysis}} and {{Its Application}} to {{Synerex}}},
  booktitle = {2021 {{IEEE International Conference}} on {{Consumer Electronics}} ({{ICCE}})},
  author = {Takao, Ryoga and Ikeuchi, Noriki and Suzuki, Hidekazu and Matsumoto, Yukimasa},
  year = {2021},
  month = jan,
  pages = {1--4},
  doi = {10.1109/ICCE50685.2021.9427742}
}

@inproceedings{Tanada-2016oct,
  title = {Proposal for Secure Group Communication Using Encryption Technology},
  booktitle = {2016 {{Ninth International Conference}} on {{Mobile Computing}} and {{Ubiquitous Networking}} ({{ICMU}})},
  author = {Tanada, Shinya and Suzuki, Hidekazu and Naito, Katsuhiro and Watanabe, Akira},
  year = {2016},
  month = oct,
  pages = {1--6},
  doi = {10.1109/ICMU.2016.7742093}
}

@inproceedings{Tanaka-2017oct,
  title = {Proposal for a Secure End-to-End Remote Control System for {{ECHONET}} Lite Home Appliances},
  booktitle = {2017 {{IEEE}} 6th {{Global Conference}} on {{Consumer Electronics}} ({{GCCE}})},
  author = {Tanaka, Hisayoshi and Suzuki, Hidekazu and Watanabe, Akira and Naito, Katsuhiro},
  year = {2017},
  month = oct,
  pages = {1--2},
  doi = {10.1109/GCCE.2017.8229360}
}

@inproceedings{Tanaka-2018jan,
  title = {Evaluation of a Secure End-to-End Remote Control System for Smart Home Appliances},
  booktitle = {2018 {{IEEE International Conference}} on {{Consumer Electronics}} ({{ICCE}})},
  author = {Tanaka, Hisayoshi and Suzuki, Hidekazu and Watanabe, Akira and Naito, Katsuhiro},
  year = {2018},
  month = jan,
  pages = {1--2},
  doi = {10.1109/ICCE.2018.8326256}
}

@inproceedings{Tanaka-2019jan,
  title = {Implementation of {{Secure End-to-End Remote Control System}} for {{Smart Home Appliances}} on {{Android}}},
  booktitle = {2019 {{IEEE International Conference}} on {{Consumer Electronics}} ({{ICCE}})},
  author = {Tanaka, Hisayoshi and Suzuki, Hidekazu and Watanabe, Akira and Naito, Katsuhiro},
  year = {2019},
  month = jan,
  pages = {1--6},
  doi = {10.1109/ICCE.2019.8662103}
}

@inproceedings{Tanaka-2021jan,
  title = {Efficient {{Exploration System}} to {{Discover}} the {{Next Generation}} of {{Massively Connecting Internet}} of {{Things Devices}}},
  booktitle = {2021 {{Thirteenth International Conference}} on {{Mobile Computing}} and {{Ubiquitous Network}} ({{ICMU}})},
  author = {Tanaka, Kentaro and Suzuki, Hidekazu},
  year = {2021},
  month = jan,
  pages = {1--2},
  doi = {10.23919/ICMU50196.2021.9638797}
}

@article{tomoba-2019mar,
  title = {{不正パケットの高速な検出を実現する簡易認証方式の提案と評価}},
  author = {友馬, 鴨下 and 秀和, 鈴木 and 克浩, 内藤 and 晃, 渡邊},
  year = {2019},
  month = mar,
  journal = {情報処理学会論文誌},
  volume = {60},
  number = {3},
  pages = {830--838},
  urldate = {2023-04-10},
  langid = {japanese}
}

@article{tomohiro-2016jan,
  title = {{ストロングビジートーンを用いたアドホックネットワークのアクセス制御方式SBT-RCの提案と評価}},
  author = {智洋, 伊藤 and 健作, 旭 and 秀和, 鈴木 and 晃, 渡邊},
  year = {2016},
  month = jan,
  journal = {情報処理学会論文誌},
  volume = {57},
  number = {1},
  pages = {100--108},
  urldate = {2023-04-10},
  langid = {japanese}
}

@article{tomohiro-2019dec,
  title = {{IoTデバイスのための柔軟なホスト名自動生成の提案}},
  author = {知広, 柳瀬 and 久順, 田中 and 秀和, 鈴木},
  year = {2019},
  month = dec,
  journal = {情報処理学会論文誌},
  volume = {60},
  number = {12},
  pages = {2302--2313},
  urldate = {2023-04-14},
  langid = {japanese}
}

@inproceedings{Tsuda-2014jan,
  title = {Proposal for a Seamless Connection Method for Remotely Located {{Bluetooth}} Devices},
  booktitle = {2014 {{Seventh International Conference}} on {{Mobile Computing}} and {{Ubiquitous Networking}} ({{ICMU}})},
  author = {Tsuda, Kazuma and Suzuki, Hidekazu and Asahi, Kensaku and Watanabe, Akira},
  year = {2014},
  month = jan,
  pages = {78--79},
  doi = {10.1109/ICMU.2014.6799065}
}

@inproceedings{Umeyama-2017jan,
  title = {{{iHAC}}: {{Smart}} Appliance Controller Using {{AR}} Technology},
  shorttitle = {{{iHAC}}},
  booktitle = {2017 {{IEEE International Conference}} on {{Consumer Electronics}} ({{ICCE}})},
  author = {Umeyama, Rina and Suzuki, Hidekazu},
  year = {2017},
  month = jan,
  pages = {168--169},
  doi = {10.1109/ICCE.2017.7889272}
}

@inproceedings{Watanabe-2019oct,
  title = {Proposal for {{User Authentication Method Combining Random Number}} and {{Password}}},
  booktitle = {2019 {{IEEE}} 8th {{Global Conference}} on {{Consumer Electronics}} ({{GCCE}})},
  author = {Watanabe, Yuga and Suzuki, Hidekazu and Naito, Katsuhiro and Watanabe, Akira},
  year = {2019},
  month = oct,
  pages = {1129--1130},
  doi = {10.1109/GCCE46687.2019.9015618}
}

@inproceedings{Watanabe-2020oct,
  title = {Evaluation of {{Enhanced Password Authentication Using Device Stored Random Number}}},
  booktitle = {2020 {{IEEE}} 9th {{Global Conference}} on {{Consumer Electronics}} ({{GCCE}})},
  author = {Watanabe, Yuga and Suzuki, Hidekazu},
  year = {2020},
  month = oct,
  pages = {895--896},
  doi = {10.1109/GCCE50665.2020.9291979}
}

@article{XiuHe-2009jan,
  title = {プライベートネットワーク内のノードを通信相手とした移動透過性の実現方式},
  author = {秀和, 鈴木 and 晃, 渡邊},
  year = {2009},
  month = jan,
  journal = {電子情報通信学会論文誌 B},
  volume = {J92-B},
  number = {1},
  pages = {109--121},
  publisher = {{The Institute of Electronics, Information and Communication Engineers}},
  urldate = {2023-04-10}
}

@inproceedings{Yamagishi-2010jan,
  title = {Study of a Remote Monitoring System for Senior Drivers},
  booktitle = {{{TENCON}} 2010 - 2010 {{IEEE Region}} 10 {{Conference}}},
  author = {Yamagishi, Hiroyuki and Suzuki, Hidekazu and Watanabe, Akira},
  year = {2010},
  month = jan,
  pages = {1042--1047},
  doi = {10.1109/TENCON.2010.5686444}
}

@inproceedings{Yamagishi-2011oct,
  title = {Proposal and Implementation of a System to Remotely Watch the Health Conditions of Elderly Persons},
  booktitle = {2011 11th {{International Symposium}} on {{Communications}} \& {{Information Technologies}} ({{ISCIT}})},
  author = {Yamagishi, Hiroyuki and Kato, Daichi and Teshima, Kazunori and Suzuki, Hidekazu and Yamamoto, Osami and Watanabe, Akira},
  year = {2011},
  month = oct,
  pages = {42--47},
  doi = {10.1109/ISCIT.2011.6089965}
}

@inproceedings{Yanase-2018oct,
  title = {Flexible {{Name Autoconfiguration}} for {{IoT Devices}}},
  booktitle = {2018 {{Eleventh International Conference}} on {{Mobile Computing}} and {{Ubiquitous Network}} ({{ICMU}})},
  author = {Yanase, Tomohiro and Tanaka, Hisayoshi and Suzuki, Hidekazu},
  year = {2018},
  month = oct,
  pages = {1--6},
  doi = {10.23919/ICMU.2018.8653612}
}

@article{yuki-2013jul,
  title = {{TLIFESを利用した徘徊行動検出方式の提案と実装}},
  author = {雄基, 大野 and 一訓, 手嶋 and 大智, 加藤 and 弘幸, 山岸 and 秀和, 鈴木 and 健作, 旭 and 修身, 山本 and 晃, 渡邊},
  year = {2013},
  month = jul,
  journal = {情報処理学会論文誌コンシューマ・デバイス＆システム（CDS）},
  volume = {3},
  number = {3},
  pages = {1--10},
  urldate = {2023-04-14},
  langid = {japanese}
}
