% This file was created with JabRef 2.6.
% Encoding: UTF8

@INPROCEEDINGS{Android80221Handover,
  author = {Silva Ricardo and Carvalho Paulo and Sousa Pedro and Neves Pedro},
  title = {{Heterogeneous Mobility in Next Generation Devices : An Android-based
	Case Study}},
  booktitle = {Proc. of 6th International ICST Mobile Multimedia Communications
	Conference},
  year = {2010},
  month = sep,
  abstract = {The fast growing of mobile Internet users with the ability of using
	a wide diversity of access technologies such as Wi-Fi, WiMAX and
	UMTS/LTE, and the increasing proliferation of mobile devices with
	heterogeneous network interfaces, require versatile mobility mechanisms
	providing seamless roaming across those access technologies. Mobility
	agents such as Mobile IP and Fast MIPv6 are common, however, these
	solutions still have limitations when dealing with multiple link-layer
	technology. In this context, the emerging standard IEEE 802.21 provides
	a framework which enables mobile agents and network operators to
	improve the handover process in heterogeneous networks. This paper
	debates and presents a case study of heterogeneous mobility on an
	Android device, using the IEEE 802.21 framework. Resorting to an
	experimental testbed, including a modified Android user terminal,
	the obtained results show that the proposed solution is a first step
	to successfully accomplish seamless mobility of Android-based devices
	operating on 3G and Wi-Fi networks.},
  file = {:D$\backslash$:/Users/hydekazu/Documents/Dropbox/文献/2010/mobimedia2010-cr.pdf:pdf},
  keywords = {android,heterogeneous mobility,wireless communication}
}

@INPROCEEDINGS{GSRA-Proxy,
  author = {三浦 健吉 and 鈴木 健太 and 鈴木 秀和 and 渡邊 晃},
  title = {コンテンツ単位のグルーピングを実現するリモートアクセス方式の提案},
  booktitle = {情報処理学会研究報告},
  year = {2010},
  volume = {2010-DPS-1},
  number = {1},
  pages = {1--8},
  month = nov,
  publisher = {Miura2010},
  abstract = {リモートアクセスで利用される既存技術として，IPsec-VPN，SSL-VPN，GSRA （Group-based Secure Remote
	Access） などがある．しかし，これらの技術はネットワークレベルの対策であり，アプリケーションの内容には干渉できない．そこで，本論文ではコンテンツ制御プロキシ
	（以下 CPROXY） を新たに導入し，GSRA と CPROXY が連携することで，コンテンツ単位のグルーピングを実現する．},
  file = {:D$\backslash$:/Users/hydekazu/Documents/Dropbox/文献/2010/IPSJ-DPS10145001.pdf:pdf}
}

@ARTICLE{IdLocatorTransport,
  author = {吉田 幹 and 寺西 裕一 and 下條 真司},
  title = {{オーバレイネットワークにおけるID/Locator分離機構}},
  journal = {情報処理学会論文誌},
  year = {2009},
  volume = {50},
  pages = {2298--2311},
  number = {9},
  month = sep,
  abstract = {本論文では，モバイル環境におけるオーバレイネットワークへの適用を前提に，ノードのIDと接続位置を示すlocatorを分離するID/Locator分離の機構を提案する．提案機構は，オーバレイネットワークにおけるメッセージ転送を，IDに基づくルーティングを行うID
	Transport層と，IPアドレス等のlocatorにより隣接ノードへのメッセージ転送を行うLocator Transport層とに分離し，外部にIDからlocatorを解決するためのネームサーバを必要としない．また，オーバレイネットワークの持つ経路表に対称性がある場合，ノード移動時に高速なハンドオーバを可能とする．これによってノードのモビリティを高めるとともに，複数の物理ネットワークをまたがった透過的な通信も可能となる．提案機構はP2PプラットフォームPIAXに実装し動作を確認した．また，本実装を用いたシミュレーション評価を行い，10,000ノードが移動しハンドオーバが頻繁に発生するオーバレイネットワークにおいても，提案機構によりメッセージ到達エラー率をほぼ1\%以下に抑えられることを示した．},
  file = {:D$\backslash$:/Users/hydekazu/Documents/Dropbox/文献/2009/IPSJ-JNL5009031.pdf:pdf},
  keywords = {ID/Locator分離,オーバーレイネットワーク}
}

